
@article{silva2018industria,
  title={Ind{\'u}stria 4.0: aplica{\c{c}}{\~a}o do projeto conceitual em uma envasadora de l{\'\i}quidos},
  author={Silva, Nat{\'a}lia Pereira dos Anjos and others},
  year={2018},
  publisher={Universidade Federal de Uberl{\^a}ndia}
}
@phdthesis{de2017estudo,
  title={UM ESTUDO SOBRE O CONCEITO DE CIDADES INTELIGENTES NA REGI{\~A}O METROPOLITANA DO RIO DE JANEIRO},
  author={de Souza, Ana Laura Moreira},
  year={2017},
  school={Universidade Federal do Rio de Janeiro}
}
@article{decidades,
  title={Cidades Inteligentes: Motiva{\c{c}}{\~o}es e Desafios da Ado{\c{c}}{\~a}o de Medidores Inteligentes de {\'A}gua},
  author={de Mattos, {\'A}gatha Carolina Hennigen}
}
@article{biegelmeyer2017desenvolvimento,
  title={Desenvolvimento e aplica{\c{c}}{\~a}o de uma casa inteligente},
  author={Biegelmeyer, {\^A}nderson},
  year={2017}
}
@article{martins2017gerenciamento,
  title={Gerenciamento da {\'a}gua com a internet das coisas (IOT): uma aplica{\c{c}}{\~a}o em plantas de saneamento},
  author={Martins, Alaide Barbosa and Da Costa, Cl{\'a}udia Cristina Rios Caxia and De Azevedo, Marcelo Teixeira and Kofuji, Sergio Takeu},
  journal={Collectivus},
  volume={4},
  number={2},
  pages={124--140},
  year={2017}
}
@article{dornelas2017monitoramento,
  title={Monitoramento de consumo dom{\'e}stico de {\'a}gua utilizando uma meta-plataforma de IoT},
  author={Dornelas, Everton and Campello, S{\'e}rgio},
  journal={Revista de Engenharia e Pesquisa Aplicada},
  volume={2},
  number={2},
  year={2017}
}
@inproceedings{grosskopf2017controlando,
  title={Controlando o consumo de {\'a}gua atrav{\'e}s da Internet utilizando Arduino},
  author={Grosskopf, Pedro and Pykosz, Leandro Correa},
  booktitle={Congresso Nacional de Inova{\c{c}}{\~a}o e Tecnologia},
  year={2017}
}
@article{INOVA,
	author = {Pedro Grosskopf e Leandro Pykosz},
	title = { Controlando o consumo de Ã¡gua atravÃ©s da Internet utilizando Arduino},
	journal = {Congresso Nacional de Inovação e Tecnologia},


	year = {2017},
	keywords = {},
	abstract = {O artigo apresenta detalhadamente o desenvolvimento de um protÃ³tipo utilizando um microcontrolador Arduino em conjunto com mÃ³dulos, shields, sensores e outros componentes com o objetivo de controlar e monitorar em tempo real o consumo de Ã¡gua em residÃªncias e tambÃ©m e processos nas industriais. O monitoramento e controle Ã© realizado atravÃ©s de uma plataforma web onde Ã© possÃ­vel desenvolver relatÃ³rios, configurar alertas e tambÃ©m bloquear ou liberar o abastecimento. Utilizando o aparelho com a plataforma web Ã© possÃ­vel acompanhar em tempo real o consumo, diminuir desperdÃ­cios, otimizar processos e incentivar o uso consciente deste recurso natural cada vez mais escasso.},
	issn = {2526-3145},	url = {http://www.inova.ceplan.udesc.br/index.php/inova/article/view/45}
}
